@article{oh2015survey,
	title={A survey of multi-agent formation control},
	author={Oh, K. and Park, M. and Ahn, H.},
	journal={Automatica},
	volume={53},
	pages={424--440},
	year={2015},
	publisher={Elsevier}
}



@inproceedings{hock-cdc16,
	title={Distributed iterative learning control for a team of quadrotors},
	author={Hock, Andreas and Schoellig, Angela P},
	booktitle={IEEE 55th Conference on Decision and Control (CDC)},
	pages={4640--4646},
	year={2016},
	organization={IEEE}
}

@article{cao2013overview,
	title={An overview of recent progress in the study of distributed multi-agent coordination},
	author={Cao, Y. and Yu, W. and Ren, W. and Chen, G.},
	journal={IEEE Transactions on Industrial informatics},
	volume={9},
	number={1},
	pages={427--438},
	year={2013},
	publisher={IEEE}
}

@inproceedings{moore2006iterative,
	title={Iterative learning control: A tutorial and big picture view},
	author={Moore, K. L. and Chen, Y. and Ahn, H.},
	booktitle={2006 45th IEEE Conference on Decision and Control},
	pages={2352--2357},
	year={2006},
	organization={IEEE}
}

@book{yang2017iterative,
	title={Iterative Learning Control for Multi-agent Systems Coordination},
	author={Yang, S. and Xu, J. and Li, X. and Shen, D.},
	year={2017},
	publisher={John Wiley \& Sons}
}

@book{mesbahi2010graph,
	title={Graph theoretic methods in multiagent networks},
	author={Mesbahi, M. and Egerstedt, M.},
	year={2010},
	publisher={Princeton University Press}
}

@inproceedings{preiss2017crazyswarm,
	title={Crazyswarm: A large nano-quadcopter swarm},
	author={Preiss, J. A. and Honig, W. and Sukhatme, G. S. and Ayanian, N.},
	booktitle={2017 IEEE International Conference on Robotics and Automation (ICRA)},
	pages={3299--3304},
	year={2017},
	organization={IEEE}
}

@article{jin2017iterative,
	title={Iterative learning control for non-repetitive trajectory tracking of robot manipulators with joint position constraints and actuator faults},
	author={Jin, X.},
	journal={International Journal of Adaptive Control and Signal Processing},
	volume={31},
	number={6},
	pages={859--875},
	year={2017},
	publisher={Wiley Online Library}
}

@inproceedings{ri2016consensus,
	title={Consensus tracking of multi-agent systems with constrained time-delay by iterative learning control},
	author={Ri, Y. and Fang, Y. and Yu, H.},
	booktitle={Control and Decision Conference (CCDC), 2016 Chinese},
	pages={6580--6585},
	year={2016},
	organization={IEEE}
}

@article{wang2017safety,
	title={Safety Barrier Certificates for Collisions-Free Multirobot Systems},
	author={Wang, L. and Ames, A. D. and Egerstedt, M.},
	journal={IEEE Transactions on Robotics},
	year={2017},
	publisher={IEEE}
}

@article{lee2006decentralized,
	title={Decentralized formation control for a team of anonymous mobile robots},
	author={Lee, G. and Chong, N. Y.},
	journal={The 6th Asian control, Bali},
	pages={18--21},
	year={2006}
}

@article{reynolds1987flocks,
	title={Flocks, herds and schools: A distributed behavioral model},
	author={Reynolds, C. W.},
	journal={ACM SIGGRAPH computer graphics},
	volume={21},
	number={4},
	pages={25--34},
	year={1987},
	publisher={ACM}
}

@article{balch1998behavior,
	title={Behavior-based formation control for multirobot teams},
	author={Balch, T. and Arkin, R. C.},
	journal={IEEE Transactions on robotics and automation},
	volume={14},
	number={6},
	pages={926--939},
	year={1998},
	publisher={IEEE}
}

@article{mahmood2015leader,
	title={Leader-following formation control of quadcopters with heading synchronization},
	author={Mahmood, A. and Kim, Y.},
	journal={Aerospace Science and Technology},
	volume={47},
	pages={68--74},
	year={2015},
	publisher={Elsevier}
}

@inproceedings{turpin2012decentralized,
	title={Decentralized formation control with variable shapes for aerial robots},
	author={Turpin, M. and Michael, N. and Kumar, V.},
	booktitle={IEEE International Conference on Robotics and Automation (ICRA)},
	pages={23--30},
	year={2012},
	organization={IEEE}
}

@article{ren2004formation,
	title={Formation feedback control for multiple spacecraft via virtual structures},
	author={Ren, W. and Beard, R. W.},
	journal={IEE Proceedings-Control Theory and Applications},
	volume={151},
	number={3},
	pages={357--368},
	year={2004},
	publisher={IET}
}

@inproceedings{mahmood2015decentralized,
	title={Decentralized formation control of quadcopters using feedback linearization},
	author={Mahmood, A. and Kim, Y.},
	booktitle={6th International Conference on Automation, Robotics and Applications (ICARA), 2015 },
	pages={537--541},
	year={2015},
	organization={IEEE}
}

@inproceedings{bemporad2011decentralized,
	title={Decentralized linear time-varying model predictive control of a formation of unmanned aerial vehicles},
	author={Bemporad, A. and Rocchi, C.},
	booktitle={2011 50th IEEE Conference on Decision and Control and European Control Conference (CDC-ECC)},
	pages={7488--7493},
	year={2011},
	organization={IEEE}
}

@article{ribeiro2015nonlinear,
	title={Nonlinear Model Predictive Formation Control for Quadcopters.},
	author={Ribeiro, T. T. and Concei{\c{c}}{\~a}o, A. and Sa, I. and Corke, P.},
	journal={IFAC-PapersOnLine},
	volume={48},
	number={19},
	pages={39--44},
	year={2015},
	publisher={Elsevier}
}

@article{zuo2010multi,
	title={Multi-robot formation control using reinforcement learning method},
	author={Zuo, G. and Han, J. and Han, G.},
	journal={Advances in Swarm Intelligence},
	pages={667--674},
	year={2010},
	publisher={Springer}
}

@inproceedings{chen2017decentralized,
	title={Decentralized non-communicating multiagent collision avoidance with deep reinforcement learning},
	author={Chen, Y. F. and Liu, M. and Everett, M. and How, J. P.},
	booktitle={2017 IEEE International Conference on Robotics and Automation (ICRA)},
	pages={285--292},
	year={2017},
	organization={IEEE}
}

@inproceedings{liu2012centralized,
	title={A centralized multi-robot task allocation for industrial plant inspection by using a* and genetic algorithms},
	author={Liu, C. and Kroll, A.},
	booktitle={Artificial intelligence and soft computing},
	pages={466--474},
	year={2012},
	organization={Springer Berlin/Heidelberg}
}

@article{de2008dynamic,
	title={Dynamic model based formation control and obstacle avoidance of multi-robot systems},
	author={De La Cruz, C. and Carelli, R.},
	journal={Robotica},
	volume={26},
	number={3},
	pages={345--356},
	year={2008},
	publisher={Cambridge University Press}
}

@article{ren2008distributed,
	title={Distributed coordination architecture for multi-robot formation control},
	author={Ren, W. and Sorensen, N.},
	journal={Robotics and Autonomous Systems},
	volume={56},
	number={4},
	pages={324--333},
	year={2008},
	publisher={Elsevier}
}

@inproceedings{hauri2014multi,
	title={Multi-robot formation control via a real-time drawing interface},
	author={Hauri, S. and Alonso-Mora, J. and Breitenmoser, A. and Siegwart, R. and Beardsley, P.},
	booktitle={Field and Service Robotics},
	pages={175--189},
	year={2014},
	organization={Springer}
}

@article{dong2015time,
	title={Time-varying formation control for unmanned aerial vehicles: Theories and applications},
	author={Dong, X. and Yu, B. and Shi, Z. and Zhong, Y.},
	journal={IEEE Transactions on Control Systems Technology},
	volume={23},
	number={1},
	pages={340--348},
	year={2015},
	publisher={IEEE}
}

@article{ren2005consensus,
	title={Consensus seeking in multiagent systems under dynamically changing interaction topologies},
	author={Ren, W. and Beard, R. W.},
	journal={IEEE Transactions on automatic control},
	volume={50},
	number={5},
	pages={655--661},
	year={2005},
	publisher={IEEE}
}

@article{yangdistributed,
	title={Distributed Adaptive Iterative Learning Control for Nonlinear Multi-agent Systems with State Constraints},
	author={Yang, S. and Xu, J. and Li, X. and Shen, D.},
	journal={Iterative Learning Control for Multi-agent Systems Coordination},
	pages={123--174},
	year={2017},
	publisher={Wiley Online Library}
}

@article{yangiterative,
	title={Iterative Learning Control for Multi-agent Coordination with Initial State Error},
	author={Yang, S. and Xu, J. and Li, X. and Shen, D.},
	journal={Iterative Learning Control for Multi-agent Systems Coordination},
	pages={41--52},
	year={2017},
	publisher={Wiley Online Library}
}

@article{busoniu2010multi,
	title={Multi-agent reinforcement learning: An overview},
	author={Busoniu, L. and Babu{\v{s}}ka, R. and De Schutter, B.},
	journal={Innovations in multi-agent systems and applications-1},
	volume={310},
	pages={183--221},
	year={2010},
	publisher={Springer}
}

@inproceedings{gupta2017cooperative,
	title={Cooperative multiagent control using deep reinforcement learning},
	author={Gupta, J. K. and Egorov, M. and Kochenderfer, M.},
	booktitle={Proceedings of the Adaptive and Learning Agents workshop (at AAMAS 2017)},
	year={2017}
}

@article{hou2009decentralized,
	title={Decentralized robust adaptive control for the multiagent system consensus problem using neural networks},
	author={Hou, Z. and Cheng, L. and Tan, M.},
	journal={IEEE Transactions on Systems, Man, and Cybernetics, Part B (Cybernetics)},
	volume={39},
	number={3},
	pages={636--647},
	year={2009},
	publisher={IEEE}
}


@article{dierks2010neural,
	title={Neural network output feedback control of robot formations},
	author={Dierks, T. and Jagannathan, S.},
	journal={IEEE Transactions on Systems, Man, and Cybernetics, Part B (Cybernetics)},
	volume={40},
	number={2},
	pages={383--399},
	year={2010},
	publisher={IEEE}
}

@inproceedings{ledergerber2015robot,
	title={A robot self-localization system using one-way ultra-wideband communication},
	author={Ledergerber, A. and Hamer, M. and D'Andrea, R.},
	booktitle={IEEE/RSJ International Conference on Intelligent Robots and Systems (IROS)},
	pages={3131--3137},
	year={2015},
	organization={IEEE}
}


@article{li2017learning,
	title={Learning of Coordination Policies for Robotic Swarms},
	author={Li, Q. and Du, X. and Huang, Y. and Sykora, Q. and Schoellig, A. P.},
	journal={arXiv preprint arXiv:1709.06620},
	year={2017}
}

@inproceedings{schouwenaars2001mixed,
	title={Mixed integer programming for multi-vehicle path planning},
	author={Schouwenaars, Tom and De Moor, Bart and Feron, Eric and How, Jonathan},
	booktitle={European Control Conference (ECC)},
	pages={2603--2608},
	year={2001},
	organization={IEEE}
}

@article{boyd2008sequential,
	title={Sequential convex programming},
	author={Boyd, Stephen},
	journal={Lecture Notes, Stanford University},
	year={2008}
}

@article{turpin2014capt,
	title={Capt: Concurrent assignment and planning of trajectories for multiple robots},
	author={Turpin, Matthew and Michael, Nathan and Kumar, Vijay},
	journal={The International Journal of Robotics Research},
	volume={33},
	number={1},
	pages={98--112},
	year={2014},
	publisher={SAGE Publications Sage UK: London, England}
}

@inproceedings{augugliaro2012generation,
	title={Generation of collision-free trajectories for a quadrocopter fleet: A sequential convex programming approach},
	author={Augugliaro, Federico and Schoellig, Angela P and D'Andrea, Raffaello},
	booktitle={2012 IEEE/RSJ International Conference on Intelligent Robots and Systems (IROS)},
	pages={1917--1922},
	year={2012},
	organization={IEEE}
}

@inproceedings{chen2015decoupled,
	title={Decoupled multiagent path planning via incremental sequential convex programming},
	author={Chen, Yufan and Cutler, Mark and How, Jonathan P},
	booktitle={2015 IEEE International Conference on Robotics and Automation (ICRA)},
	pages={5954--5961},
	year={2015},
	organization={IEEE}
}

@INPROCEEDINGS{preiss, 
	author={J. A. Preiss and W. Hönig and N. Ayanian and G. S. Sukhatme}, 
	booktitle={2017 IEEE/RSJ International Conference on Intelligent Robots and Systems (IROS)}, 
	title={Downwash-aware trajectory planning for large quadrotor teams}, 
	year={2017}, 
	volume={}, 
	number={}, 
	pages={250-257}, 
	keywords={autonomous aerial vehicles;collision avoidance;graph theory;mobile robots;multi-robot systems;path planning;trajectory control;continuous refinement;dense environments;dense formations;discrete planner;downwash effect;downwash-aware trajectory planning;formation-change trajectory planning;graph representation;integral-squared-derivative cost;nanoquadrotors;nonsmooth graph plan;planning problem;quadrotor teams;Collision avoidance;Computational modeling;Ellipsoids;Optimization;Planning;Robots;Trajectory}, 
	doi={10.1109/IROS.2017.8202165}, 
	ISSN={}, 
}

@incollection{tang2018complete,
	title={A complete algorithm for generating safe trajectories for multi-robot teams},
	author={Tang, Sarah and Kumar, Vijay},
	booktitle={Robotics Research},
	pages={599--616},
	year={2018},
	publisher={Springer}
}

@inproceedings{van2017distributed,
	title={Distributed model predictive formation control with inter-vehicle collision avoidance},
	author={Van Parys, Ruben and Pipeleers, Goele},
	booktitle={Proceedings of the 2017 Asian Control Conference},
	year={2017}
}

@inproceedings{fukushima2005distributed,
	title={Distributed model predictive control for multi-vehicle formation with collision avoidance constraints},
	author={Fukushima, Hiroaki and Kon, Kazuyuki and Matsuno, Fumitoshi},
	booktitle={2005 European Control Conference},
	pages={5480--5485},
	year={2005},
	organization={IEEE}
}

@article{wang2014synthesis,
	title={A synthesis approach of distributed model predictive control for homogeneous multi-agent system with collision avoidance},
	author={Wang, Peng and Ding, Baocang},
	journal={International Journal of Control},
	volume={87},
	number={1},
	pages={52--63},
	year={2014},
	publisher={Taylor \& Francis}
}

@article{dai2017distributed,
	title={Distributed mpc for formation of multi-agent systems with collision avoidance and obstacle avoidance},
	author={Dai, Li and Cao, Qun and Xia, Yuanqing and Gao, Yulong},
	journal={Journal of the Franklin Institute},
	volume={354},
	number={4},
	pages={2068--2085},
	year={2017},
	publisher={Elsevier}
}

@article{michael2010grasp,
	title={The grasp multiple micro-uav testbed},
	author={Michael, Nathan and Mellinger, Daniel and Lindsey, Quentin and Kumar, Vijay},
	journal={IEEE Robotics \& Automation Magazine},
	volume={17},
	number={3},
	pages={56--65},
	year={2010},
	publisher={IEEE}
}

@article{guizzo2008three,
	title={Three engineers, hundreds of robots, one warehouse},
	author={Guizzo, Eric},
	journal={IEEE spectrum},
	volume={45},
	number={7},
	pages={26--34},
	year={2008},
	publisher={IEEE}
}

@article{camponogara2002distributed,
	title={Distributed model predictive control},
	author={Camponogara, Eduardo and Jia, Dong and Krogh, Bruce H and Talukdar, Sarosh},
	journal={IEEE Control Systems},
	volume={22},
	number={1},
	pages={44--52},
	year={2002},
	publisher={IEEE}
}